% Encoding: UTF-8

@Article{citaUm,
  author        = {{Alguma Pessoa Juridica}},
  title         = {PJ zero um},
  year          = {2020},
  url           = {www.algumsite.com},
  urlaccessdate = {28 mar. 2020},
}

@Book{nome-do-id-do-livro,
  author    = {Alguem dois},
  publisher = {Editora dois},
  title     = {Livro zero Dois},
  year      = {2020},
}

,
